<?xml version="1.0" encoding="UTF-8"?><record xmlns="http://www.loc.gov/MARC21/slim" xmlns:cinclude="http://apache.org/cocoon/include/1.0" xmlns:zs="http://www.loc.gov/zing/srw/">
  <leader>01176cz  a2200265n  4500</leader>
  <controlfield tag="001">n  87836990 </controlfield>
  <controlfield tag="003">DLC</controlfield>
  <controlfield tag="005">20130801073830.0</controlfield>
  <controlfield tag="008">880502n| azannaabn          |a aaa      </controlfield>
  <datafield tag="010" ind1=" " ind2=" ">
    <subfield code="a">n  87836990 </subfield>
  </datafield>
  <datafield tag="035" ind1=" " ind2=" ">
    <subfield code="a">(OCoLC)oca02264909</subfield>
  </datafield>
  <datafield tag="040" ind1=" " ind2=" ">
    <subfield code="a">DLC</subfield>
    <subfield code="b">eng</subfield>
    <subfield code="e">rda</subfield>
    <subfield code="c">DLC</subfield>
    <subfield code="d">DLC</subfield>
    <subfield code="d">UPB</subfield>
  </datafield>
  <datafield tag="046" ind1=" " ind2=" ">
    <subfield code="s">14</subfield>
  </datafield>
  <datafield tag="100" ind1="0" ind2=" ">
    <subfield code="a">Paulus,</subfield>
    <subfield code="c">de Roma,</subfield>
    <subfield code="d">active 15th century</subfield>
  </datafield>
  <datafield tag="370" ind1=" " ind2=" ">
    <subfield code="f">Rome, Italy</subfield>
  </datafield>
  <datafield tag="373" ind1=" " ind2=" ">
    <subfield code="a">Augustinians</subfield>
    <subfield code="2">naf</subfield>
  </datafield>
  <datafield tag="374" ind1=" " ind2=" ">
    <subfield code="a">Monks</subfield>
    <subfield code="2">lcsh</subfield>
  </datafield>
  <datafield tag="400" ind1="0" ind2=" ">
    <subfield code="a">Paolo,</subfield>
    <subfield code="c">Romano,</subfield>
    <subfield code="d">active 15th century</subfield>
  </datafield>
  <datafield tag="400" ind1="0" ind2=" ">
    <subfield code="w">nnea</subfield>
    <subfield code="a">Paulus,</subfield>
    <subfield code="c">de Roma,</subfield>
    <subfield code="d">15th cent.</subfield>
  </datafield>
  <datafield tag="400" ind1="1" ind2=" ">
    <subfield code="a">Roma, Paulus de,</subfield>
    <subfield code="d">active 15th century</subfield>
  </datafield>
  <datafield tag="670" ind1=" " ind2=" ">
    <subfield code="a">His Tractatus non minus necessarius quam vtilis pensionum ecclesiasticarum ... 1539:</subfield>
    <subfield code="b">t.p. (... excel. I.V.D. Domini Pauli de Roma) dedication (Paulus de Roma domini papae [Sixti iiii] poenitentiarius)</subfield>
  </datafield>
  <datafield tag="670" ind1=" " ind2=" ">
    <subfield code="a">NUC pre-56</subfield>
    <subfield code="b">(Paulus de Roma)</subfield>
  </datafield>
  <datafield tag="670" ind1=" " ind2=" ">
    <subfield code="a">JoĚcher</subfield>
    <subfield code="b">(Paulus de Roma; Augustinian monk; of the Mattabuffa family; lived in mid-15th cent.; chaplain and member of Sacred Penitentiarius under Pius II)</subfield>
  </datafield>
  <datafield tag="670" ind1=" " ind2=" ">
    <subfield code="a">Ascarelli, F. Le cinquecentine romane:</subfield>
    <subfield code="b">p. 190 (Paolo Romano (Paulus di Roma))</subfield>
  </datafield>
  <datafield tag="675" ind1=" " ind2=" ">
    <subfield code="a">Encicl. ital.;</subfield>
    <subfield code="a">Perini, D.A. Bibl. Augustiniana.</subfield>
  </datafield>
</record>